% erstellt am 2015-07-18 von Jan Dreyling-Eschweiler 
%
% Inhalte:
%
% 1. Bücher, Texte, 
% 2. Weblinks: Text, ...
% 3. Weblinks: Videos, ...
%
% web-reference: http://en.wikibooks.org/wiki/LaTeX/Bibliography_Management
%

% ================================
% 1. Bücher, Texte
% ================================

@article{ehring2010,
title = {Leitfaden Jugend},
journal = {DTFB},
year = {2010},
note = {52 Seiten},
author = {Tanja Ehring},
}
